<?xml version="1.0" encoding="UTF-8"?>
<record xmlns="http://www.loc.gov/MARC21/slim">
   <leader>00631cam a22002055  4500</leader>
   <controlfield tag="001">2788360</controlfield>
   <controlfield tag="003">NjP</controlfield>
   <controlfield tag="005">20171013181128.0</controlfield>
   <controlfield tag="008">991123s1904    ua            000 0 ara d</controlfield>
   <datafield tag="024" ind1="7" ind2=" ">
      <subfield code="a">princeton_aco004771</subfield>
      <subfield code="2">local</subfield>
   </datafield>
   <datafield ind1=" " ind2=" " tag="035">
      <subfield code="a">(OCoLC)ocm42873758</subfield>
   </datafield>
   <datafield ind1=" " ind2=" " tag="035">
      <subfield code="9">CNJ7438TS</subfield>
   </datafield>
   <datafield ind1=" " ind2=" " tag="040">
      <subfield code="a">PUL</subfield>
      <subfield code="c">PUL</subfield>
   </datafield>
   <datafield ind1="1" ind2=" " tag="100">
      <subfield code="a">Jabartī, ʻAbd al-Raḥmān,</subfield>
      <subfield code="d">1754-1822.</subfield>
      <subfield code="0">http://id.loc.gov/authorities/names/n79135427</subfield>
   </datafield>
   <datafield ind1="0" ind2="0" tag="245">
      <subfield code="a">Tārīkh Miṣr.</subfield>
   </datafield>
   <datafield ind1=" " ind2=" " tag="260">
      <subfield code="a">Cairo,</subfield>
      <subfield code="b">Sherafuyyah Press,</subfield>
      <subfield code="c">1322 A.H. [i.e. 1904]</subfield>
   </datafield>
   <datafield ind1=" " ind2=" " tag="300">
      <subfield code="a">4 v.</subfield>
      <subfield code="c">22 cm.</subfield>
   </datafield>
   <datafield ind1=" " ind2=" " tag="500">
      <subfield code="a">T.-p. and text in Arabic.</subfield>
   </datafield>
   <datafield ind1=" " ind2=" " tag="500">
      <subfield code="a">A history of Egypt.</subfield>
   </datafield>
   <datafield ind1=" " ind2=" " tag="590">
      <subfield code="a">Photocopy.</subfield>
   </datafield>
   <datafield ind1=" " ind2=" " tag="945">
      <subfield code="a">F</subfield>
      <subfield code="b">1</subfield>
      <subfield code="c">2271.505097 J493.389</subfield>
      <subfield code="e">v.1-4</subfield>
   </datafield>
   <datafield ind1=" " ind2=" " tag="911">
      <subfield code="a">20000130</subfield>
   </datafield>
   <datafield ind1="8" ind2="1" tag="852">
      <subfield code="0">3099324</subfield>
      <subfield code="b">rcppa</subfield>
      <subfield code="t">1</subfield>
      <subfield code="h">2271.505097 J493.389</subfield>
      <subfield code="x">tr fr f</subfield>
   </datafield>
   <datafield ind1=" " ind2="0" tag="866">
      <subfield code="0">3099324</subfield>
      <subfield code="8">0</subfield>
      <subfield code="a">v.1-4</subfield>
   </datafield>
   <datafield ind1="8" ind2="0" tag="852">
      <subfield code="0">3541852</subfield>
      <subfield code="b">rcppf</subfield>
      <subfield code="h">MICROFILM 02796</subfield>
      <subfield code="x">tr fr flm</subfield>
   </datafield>
   <datafield ind1=" " ind2="0" tag="866">
      <subfield code="0">3541852</subfield>
      <subfield code="a">v. 1-4</subfield>
   </datafield>
   <datafield ind1=" " ind2=" " tag="959">
      <subfield code="a">2003-03-20 13:42:07 -0500</subfield>
   </datafield>
</record>
